@article{Rothkopf1957,
	title = {A Measure of Stimulus Similarity and Errors in Some Paired-Associate Learning Tasks},
	journal = {Journal of Experimental Psychology},
	volume = {53},
	pages = {94},
	number = {2},
	author = {Ernst, R.},
	year = {1957}
}


@book{pena_libro,
    author    = {Pe{\~n}a, D.},
    title     = {An{\'a}lisis de datos multivariantes},
    year      = {2002},
    publisher = {McGraw Hill},
    address   = {Madrid, Spain}
}

@book{BorgGroenen2005,
  author = {Borg, I. and Groenen, P.},
  biburl = {https://www.bibsonomy.org/bibtex/2b9360235f054e3b2ff0e4b4a0c63b4eb/tmalsburg},
  publisher = {Springer},
  title = {Modern Multidimensional Scaling: Theory and Applications},
  year = {2005}
}

@Article{gowerformula,
  author={Handl, A.},
  title={{Biplots : J. C. Gower and D. J. Hand (1996) London: Chapman \& Hall, ISBN 0-412-71630-5, [pound sign] 32.00, pp. 277}},
  journal={Computational Statistics \& Data Analysis},
  year=1996,
  volume={22},
  number={6},
  pages={655-651},
  month={October},
  keywords={},
  doi={},
  abstract={No abstract is available for this item.},
  url={https://ideas.repec.org/a/eee/csdana/v22y1996i6p655-651a.html}
}

@INPROCEEDINGS{Yang06afast,
    author = {Tynia, Y. and Jinze, L. and Leonard, M. and Wei, W.},
    title = {A fast approximation to multidimensional scaling},
    year = {2006}
}

@article{pej,
  author = {Delicado, P. and Boj, E. and Fortiana, J.},
  year = {2010},
  month = {02},
  pages = {429-437},
  title = {Distance-based local linear regression for functional predictors},
  volume = {54},
  journal = {Computational Statistics \& Data Analysis}
}
