@article{Breiman:2001,
author = {Breiman, L.},
title = {Statistical Modeling: The Two Cultures},
journal= {Statistical Science},
year = {2001},
volume= {16},
pages={199--231}
}

@article{PenyaYohai:1995,
author = {Pe\~na, D. and Yohai, V. J.},
title = {The Detection of Influential Subsets in Linear Regression by using an Influence Matrix},
journal= {Journal of the Royal Statistical Society. Series B (Methodological)},
year = {1995},
volume= {57},
pages={145--156}
}

@article{BikeSharing:2014,
	year={2014},
	issn={2192-6352},
	journal={Progress in Artificial Intelligence},
	doi={10.1007/s13748-013-0040-3},
	title={Event labeling combining ensemble detectors and background knowledge},
	url={http://dx.doi.org/10.1007/s13748-013-0040-3},
	publisher={Springer Berlin Heidelberg},
	keywords={Event labeling; Event detection; Ensemble learning; Background knowledge},
	author={Fanaee-T, Hadi and Gama, Joao},
	volume=2,
	pages={113--127}
}


@book{HastTibsFrie:ESL:09:2nEd,
	author = {Hastie, Trevor and Tibshirani, Robert and Friedman, Jerome},
	edition = 2,
	publisher = {Springer},
	title = {The elements of statistical learning: data mining, inference and prediction},
	year = 2009
}

@book{Wood:2017:GAM2nd,
author = {Wood, Simon N.},
title = {Generalized Additive Models: An Introduction with R},
year = {2017},
edition = {2nd},
publisher = {Chapman and Hall/CRC Press}
}

@Book{VenRip:MAS:4tEd,
    title = {Modern Applied Statistics with S},
    author = {W. N. Venables and B. D. Ripley},
    publisher = {Springer},
    edition = {Fourth},
    address = {New York},
    year = {2002},
    note = {ISBN 0-387-95457-0},
    url = {http://www.stats.ox.ac.uk/pub/MASS4}
}